<collection xmlns="http://www.loc.gov/MARC21/slim">
<record>
  <leader>00790nam0a22001931i 450 </leader>
  <controlfield tag="001">IT\ICCU\CNCE\080279</controlfield>
  <controlfield tag="005">20200708000000.0</controlfield>
  <datafield tag="100" ind1=" " ind2=" ">
    <subfield code="a">20200708f1538        0itac0103    ba</subfield>
  </datafield>
  <datafield tag="101" ind1=" " ind2=" ">
    <subfield code="a">ITA</subfield>
  </datafield>
  <datafield tag="102" ind1=" " ind2=" ">
    <subfield code="a">IT</subfield>
  </datafield>
  <datafield tag="200" ind1="1" ind2=" ">
    <subfield code="a">Copia de una lettera de monsignor vescovo della Schala, mandata alla S.di N. S. delle richezze et thesoro novamente ritrovato in Indiia con la Armata della Cesarea Maesta. Et particolarmente di oro et argento mandato ala citta de Sivilla</subfield>
  </datafield>
  <datafield tag="210" ind1=" " ind2=" ">
    <subfield code="d">\1538!</subfield>
  </datafield>
  <datafield tag="215" ind1=" " ind2=" ">
    <subfield code="a">\4! c.</subfield>
    <subfield code="d">8ʻ</subfield>
  </datafield>
  <datafield tag="300" ind1=" " ind2=" ">
    <subfield code="a">Data in calce alla lettera</subfield>
  </datafield>
  <datafield tag="700" ind1=" " ind2="1">
    <subfield code="a">Rio,</subfield>
    <subfield code="b">Baltasar : del</subfield>
    <subfield code="3">IT\ICCU\CNCA\009005</subfield>
  </datafield>
  <datafield tag="712" ind1="0" ind2="2">
    <subfield code="a">s.n.</subfield>
    <subfield code="3">IT\ICCU\CNCT\000002</subfield>
    <subfield code="4">650</subfield>
  </datafield>
  <datafield tag="790" ind1=" " ind2="1">
    <subfield code="a">Delrio,</subfield>
    <subfield code="b">Baltasar</subfield>
    <subfield code="3">IT\ICCU\CNCA\015276</subfield>
    <subfield code="z">Rio, Baltasar : del</subfield>
  </datafield>
  <datafield tag="801" ind1=" " ind2="3">
    <subfield code="a">IT</subfield>
    <subfield code="b">ICCU</subfield>
    <subfield code="c">20201115</subfield>
  </datafield>
  <datafield tag="899" ind1=" " ind2=" ">
    <subfield code="a">British Library. London</subfield>
    <subfield code="1">UK0001</subfield>
  </datafield>
</record>
</collection>
